% ГОСТ Р 7.0.11-2011, Приложение Б, Книги

@inproceedings{williams2005stable,
  title={Stable motions of vehicle formations},
  author={Williams, A and Lafferriere, G and Veerman, JJP},
  booktitle={Decision and Control, 2005 and 2005 European Control Conference. CDC-ECC'05. 44th IEEE Conference on},
  pages={72--77},
  year={2005},
  organization={IEEE}
}

@inproceedings{vasarhelyi2014outdoor,
  title={Outdoor flocking and formation flight with autonomous aerial robots},
  author={V{\'a}s{\'a}rhelyi, G{\'a}bor and Vir{\'a}gh, Csaba and Somorjai, Gerg{\H{o}} and Tarcai, Norbert and Szorenyi, T and Nepusz, Tam{\'a}s and Vicsek, Tam{\'a}s},
  booktitle={Intelligent Robots and Systems (IROS 2014), 2014 IEEE/RSJ International Conference on},
  pages={3866--3873},
  year={2014},
  organization={IEEE}
}

@article{veerman2005flocks,
  title={Flocks and formations},
  author={Veerman, JJP and Lafferriere, Gerardo and Caughman, John S and Williams, A},
  journal={Journal of Statistical Physics},
  volume={121},
  number={5-6},
  pages={901--936},
  year={2005},
  publisher={Springer}
}

@article{lafferriere2005decentralized,
  title={Decentralized control of vehicle formations},
  author={Lafferriere, Gerardo and Williams, Alan and Caughman, J and Veerman, JJP},
  journal={Systems \& control letters},
  volume={54},
  number={9},
  pages={899--910},
  year={2005},
  publisher={Elsevier}
}

@article{merris1994laplacian,
  title={Laplacian matrices of graphs: a survey},
  author={Merris, Russell},
  journal={Linear algebra and its applications},
  volume={197},
  pages={143--176},
  year={1994},
  publisher={Elsevier}
}

@article{ren2004decentralized,
  title={Decentralized scheme for spacecraft formation flying via the virtual structure approach},
  author={Ren, Wei and Beard, Randal},
  journal={Journal of Guidance, Control, and Dynamics},
  volume={27},
  number={1},
  pages={73--82},
  year={2004}
}


